@book{Chr19,
  title={Microservice Architecture},
  author={Chris Richardson},
  year={2018},
  publisher={manning},
  url={https://microservices.io/about.html}
}

@book{Instana18,
  title={Stan’s Robot Shop – a Sample Microservice Application},
  author={ Steve Waterworth},
  year={2018},
  publisher={Instana, IBM},
  url={https://www.instana.com/blog/stans-robot-shop-sample-microservice-application/}
}



